@article{wolfram1986theory,
  title={Theory and applications of cellular automata},
  author={Wolfram, Stephen},
  journal={World Scientific},
  year={1986}
}

@article{li1990structure,
  title={The structure of the elementary cellular automata rule space},
  author={Li, Wentian and Packard, Norman and others},
  journal={Complex systems},
  volume={4},
  number={3},
  pages={281--297},
  year={1990},
  publisher={Citeseer}
}

@article{cook2004universality,
  title={Universality in elementary cellular automata},
  author={Cook, Matthew and others},
  journal={Complex systems},
  volume={15},
  number={1},
  pages={1--40},
  year={2004},
  publisher={[Champaign, IL, USA: Complex Systems Publications, Inc., c1987-}
}

@book{wolfram2002,
    Author = {Wolfram, Stephen},
    Title = {A New Kind of Science},
    Year = {2002},
    Publisher = {Wolfram Media},
    ISBN = {1579550088},
    URL = {https://www.wolframscience.com},
    Language = {English}
}

@article{wulff1992learning,
  title={Learning cellular automaton dynamics with neural networks},
  author={Wulff, N and Hertz, J A},
  journal={Advances in Neural Information Processing Systems},
  volume={5},
  pages={631--638},
  year={1992}
}

@inproceedings{elmenreich2011evolving,
  title={Evolving self-organizing cellular automata based on neural network genotypes},
  author={Elmenreich, Wilfried and Feh{\'e}rv{\'a}ri, Istv{\'a}n},
  booktitle={International Workshop on Self-Organizing Systems},
  pages={16--25},
  year={2011},
  organization={Springer}
}

@article{nichele2017neat,
  title={CA-NEAT: evolved compositional pattern producing networks for cellular automata morphogenesis and replication},
  author={Nichele, Stefano and Ose, Mathias Berild and Risi, Sebastian and Tufte, Gunnar},
  journal={IEEE Transactions on Cognitive and Developmental Systems},
  volume={10},
  number={3},
  pages={687--700},
  year={2017},
  publisher={IEEE}
}

@article{mordvintsev2020growing,
  author = {Mordvintsev, Alexander and Randazzo, Ettore and Niklasson, Eyvind and Levin, Michael},
  title = {Growing Neural Cellular Automata},
  journal = {Distill},
  year = {2020},
  note = {https://distill.pub/2020/growing-ca},
  doi = {10.23915/distill.00023}
}

@article{grattarola2021learning,
  title={Learning graph cellular automata},
  author={Grattarola, Daniele and Livi, Lorenzo and Alippi, Cesare},
  journal={Advances in Neural Information Processing Systems},
  volume={34},
  year={2021}
}

@article{gurney1992training,
  title={Training nets of hardware realizable sigma-pi units},
  author={Gurney, Kevin N},
  journal={Neural Networks},
  volume={5},
  number={2},
  pages={289--303},
  year={1992},
  publisher={Elsevier}
}

@inproceedings{nichele2014evolutionary,
  title={Evolutionary growth of genomes for the development and replication of multicellular organisms with indirect encoding},
  author={Nichele, Stefano and Tufte, Gunnar},
  booktitle={2014 IEEE International Conference on Evolvable Systems},
  pages={141--148},
  year={2014},
  organization={IEEE}
}

@article{stanley2002evolving,
  title={Evolving neural networks through augmenting topologies},
  author={Stanley, Kenneth O and Miikkulainen, Risto},
  journal={Evolutionary computation},
  volume={10},
  number={2},
  pages={99--127},
  year={2002},
  publisher={MIT Press}
}

@inproceedings{reynolds1987flocks,
  title={Flocks, herds and schools: A distributed behavioral model},
  author={Reynolds, Craig W},
  booktitle={Proceedings of the 14th annual conference on Computer graphics and interactive techniques},
  pages={25--34},
  year={1987}
}

@article{randazzo2020self-classifying,
  author = {Randazzo, Ettore and Mordvintsev, Alexander and Niklasson, Eyvind and Levin, Michael and Greydanus, Sam},
  title = {Self-classifying MNIST Digits},
  journal = {Distill},
  year = {2020},
  note = {https://distill.pub/2020/selforg/mnist},
  doi = {10.23915/distill.00027.002}
}

@article{randazzo2021adversarial,
  author = {Randazzo, Ettore and Mordvintsev, Alexander and Niklasson, Eyvind and Levin, Michael},
  title = {Adversarial Reprogramming of Neural Cellular Automata},
  journal = {Distill},
  year = {2021},
  note = {https://distill.pub/selforg/2021/adversarial},
  doi = {10.23915/distill.00027.004}
}