@article{bonabeau1997self,
  title     = {Self-organization in social insects},
  author    = {Bonabeau, Eric and Theraulaz, Guy and Deneubourg, Jean-Louls and Aron, Serge and Camazine, Scott},
  journal   = {Trends in ecology \& evolution},
  volume    = {12},
  number    = {5},
  pages     = {188--193},
  year      = {1997},
  publisher = {Elsevier}
}

@article{goucher2012gliders,
  title   = {Gliders in Cellular Automata on Penrose Tilings.},
  author  = {Goucher, Adam P},
  journal = {Journal of Cellular Automata},
  volume  = {7},
  year    = {2012}
}

@article{encinas2007modelling,
  title     = {Modelling forest fire spread using hexagonal cellular automata},
  author    = {Encinas, L Hern{\'a}ndez and White, S Hoya and Del Rey, A Mart{\'\i}n and S{\'a}nchez, G Rodr{\'\i}guez},
  journal   = {Applied mathematical modelling},
  volume    = {31},
  number    = {6},
  pages     = {1213--1227},
  year      = {2007},
  publisher = {Elsevier}
}

@article{shi2000development,
  title     = {Development of Voronoi-based cellular automata-an integrated dynamic model for Geographical Information Systems},
  author    = {Shi, Wenzhong and Pang, Matthew Yick Cheung},
  journal   = {International Journal of Geographical Information Science},
  volume    = {14},
  number    = {5},
  pages     = {455--474},
  year      = {2000},
  publisher = {Taylor \& Francis}
}

@article{adamatzky2006phenomenology,
  title     = {Phenomenology of reaction--diffusion binary-state cellular automata},
  author    = {Adamatzky, Andrew and Mart{\'\i}nez, Genaro Ju{\'a}rez and Mora, Juan Carlos Seck Tuoh},
  journal   = {International Journal of Bifurcation and Chaos},
  volume    = {16},
  number    = {10},
  pages     = {2985--3005},
  year      = {2006},
  publisher = {World Scientific}
}

@article{packard1985two,
  title     = {Two-dimensional cellular automata},
  author    = {Packard, Norman H and Wolfram, Stephen},
  journal   = {Journal of Statistical physics},
  volume    = {38},
  number    = {5},
  pages     = {901--946},
  year      = {1985},
  publisher = {Springer}
}

@article{yaku1973constructibility,
  title     = {The constructibility of a configuration in a cellular automaton},
  author    = {Yaku, Takeo},
  journal   = {Journal of Computer and System Sciences},
  volume    = {7},
  number    = {5},
  pages     = {481--496},
  year      = {1973},
  publisher = {Academic Press}
}

@article{bartolozzi2004stochastic,
  title     = {Stochastic cellular automata model for stock market dynamics},
  author    = {Bartolozzi, Marco and Thomas, Anthony William},
  journal   = {Physical review E},
  volume    = {69},
  number    = {4},
  pages     = {046112},
  year      = {2004},
  publisher = {APS}
}

@article{mikler2005modeling,
  title     = {Modeling infectious diseases using global stochastic cellular automata},
  author    = {Mikler, Armin R and Venkatachalam, Sangeeta and Abbas, Kaja},
  journal   = {Journal of Biological Systems},
  volume    = {13},
  number    = {04},
  pages     = {421--439},
  year      = {2005},
  publisher = {World Scientific}
}

@inproceedings{mitchell1996evolving,
  title        = {Evolving cellular automata with genetic algorithms: A review of recent work},
  author       = {Mitchell, Melanie and Crutchfield, James P and Das, Rajarshi and others},
  booktitle    = {Proceedings of the First international conference on evolutionary computation and its applications (EvCA’96)},
  volume       = {8},
  year         = {1996},
  organization = {Moscow}
}


@article{cook2004universality,
  title     = {Universality in elementary cellular automata},
  author    = {Cook, Matthew and others},
  journal   = {Complex systems},
  volume    = {15},
  number    = {1},
  pages     = {1--40},
  year      = {2004},
  publisher = {[Champaign, IL, USA: Complex Systems Publications, Inc., c1987-}
} 

@article{couzin2003self,
  title     = {Self-organization and collective behavior in vertebrates},
  author    = {Couzin, Iain D and Krause, Jens and others},
  journal   = {Advances in the Study of Behavior},
  volume    = {32},
  number    = {1},
  pages     = {10--1016},
  year      = {2003},
  publisher = {New York: Academic Press, 1965-}
}

@inproceedings{breukelaar2004evolving,
  title={Evolving transition rules for multi dimensional cellular automata},
  author={Breukelaar, Ron and B{\"a}ck, Thomas},
  booktitle={International Conference on Cellular Automata},
  pages={182--191},
  year={2004},
  organization={Springer}
}


@book{dalyell1814observations,
  title     = {Observations on some interesting phenomena in animal physiology, exhibited by several species of Planariae : illustrated by coloured figures of living animals / by John Graham Dalyell.},
  url       = {https://www.biodiversitylibrary.org/item/40487},
  note      = {https://www.biodiversitylibrary.org/bibliography/10135},
  publisher = {Edinburgh :Archibald Constable,},
  author    = {Dalyell, John Graham},
  year      = {1814},
  pages     = {178},
  keywords  = {Physiology, Comparative|Planaria|}
}

@article{das1995evolving,
  title={Evolving globally synchronized cellular automata},
  author={Das, Rajarshi and Crutchfield, James P and Mitchell, Melanie and Hanson, James M},
  year={1995}
}

@inproceedings{buvsic2012density,
  title={Density classification on infinite lattices and trees},
  author={Bu{\v{s}}i{\'c}, Ana and Fates, Nazim and Mairesse, Jean and Marcovici, Irene},
  booktitle={Latin American Symposium on Theoretical Informatics},
  pages={109--120},
  year={2012},
  organization={Springer}
}


@article{moore1964firing,
  title={The firing squad synchronization problem},
  author={Moore, Edward F},
  journal={Sequential machines, selected Papers},
  pages={213--214},
  year={1964},
  publisher={Addison-Wesley}
}


@article{gacs1978one,
  title={One-dimensional uniform arrays that wash out finite islands},
  author={G{\'a}cs, P{\'e}ter and Kurdyumov, Georgy L and Levin, Leonid Anatolevich},
  journal={Problemy Peredachi Informatsii},
  volume={14},
  number={3},
  pages={92--96},
  year={1978},
  publisher={Russian Academy of Sciences, Branch of Informatics, Computer Equipment and~…}
}


@incollection{eppstein2010growth,
  title={Growth and decay in life-like cellular automata},
  author={Eppstein, David},
  booktitle={Game of Life cellular automata},
  pages={71--97},
  year={2010},
  publisher={Springer}
}

@inproceedings{breukelaar2005using,
  title={Using a genetic algorithm to evolve behavior in multi dimensional cellular automata: emergence of behavior},
  author={Breukelaar, Ron and B{\"a}ck, Th},
  booktitle={Proceedings of the 7th annual conference on Genetic and evolutionary computation},
  pages={107--114},
  year={2005}
}


@article{andre1996discovery,
  title={Discovery by genetic programming of a cellular automata rule that is better than any known rule for the majority classification problem},
  author={Andre, David and Bennett III, Forrest H and Koza, John R},
  journal={Genetic programming},
  volume={96},
  pages={3--11},
  year={1996}
}


@inproceedings{debasis2011survey,
  author  = {Das, Debasis},
  year    = {2011},
  month   = {12},
  pages   = {},
  title   = {A Survey on Cellular Automata and Its Applications},
  volume  = {269},
  isbn    = {978-3-642-29218-7},
  journal = {Communications in Computer and Information Science},
  doi     = {10.1007/978-3-642-29219-4_84}
}

@article{baldwin1999classi,
  title={On the classi ability of cellular automata},
  author={Baldwin, John T and Shelah, Saharon},
  journal={TCS},
  year={1999}
}


@misc{distill,
  title   = {Latest articles about machine learning},
  url     = {https://distill.pub/},
  journal = {Distill}
}

@article{dorin2012framework,
  author  = {Dorin, Alan and McCabe, Jonathan and McCormack, Jon and Monro, Gordon and Whitelaw, Mitchell},
  year    = {2012},
  month   = {12},
  pages   = {},
  title   = {A framework for understanding generative art},
  volume  = {23},
  journal = {Digital Creativity},
  doi     = {10.1080/14626268.2012.709940}
}

@inproceedings{elmenreich2011evolving,
  title        = {Evolving self-organizing cellular automata based on neural network genotypes},
  author       = {Elmenreich, Wilfried and Feh{\'e}rv{\'a}ri, Istv{\'a}n},
  booktitle    = {International Workshop on Self-Organizing Systems},
  pages        = {16--25},
  year         = {2011},
  organization = {Springer}
}

@article{gardner1970fantastic,
  title   = {The Fantastic Combinations of Jhon Conway's New Solitaire Game'Life},
  author  = {Gardner, Martin},
  journal = {Sc. Am.},
  volume  = {223},
  pages   = {20--123},
  year    = {1970}
}

@article{grattarola2021learning,
  title   = {Learning graph cellular automata},
  author  = {Grattarola, Daniele and Livi, Lorenzo and Alippi, Cesare},
  journal = {Advances in Neural Information Processing Systems},
  volume  = {34},
  year    = {2021}
}

@article{gurney1992training,
  title     = {Training nets of hardware realizable sigma-pi units},
  author    = {Gurney, Kevin N},
  journal   = {Neural Networks},
  volume    = {5},
  number    = {2},
  pages     = {289--303},
  year      = {1992},
  publisher = {Elsevier}
}

@article{hornik1989multilayer,
  title     = {Multilayer feedforward networks are universal approximators},
  author    = {Hornik, Kurt and Stinchcombe, Maxwell and White, Halbert},
  journal   = {Neural networks},
  volume    = {2},
  number    = {5},
  pages     = {359--366},
  year      = {1989},
  publisher = {Elsevier}
}

@article{li1990structure,
  title     = {The structure of the elementary cellular automata rule space},
  author    = {Li, Wentian and Packard, Norman and others},
  journal   = {Complex systems},
  volume    = {4},
  number    = {3},
  pages     = {281--297},
  year      = {1990},
  publisher = {Citeseer}
}

@misc{lipa,
  title     = {Conway's Game of Life},
  url       = {http://pi.math.cornell.edu/~lipa/mec/lesson6.html},
  journal   = {Conway's Game of Life'},
  publisher = {Cornell University},
  author    = {Lipa, Chris}
} 

@incollection{mccloskey1989catastrophic,
  title     = {Catastrophic Interference in Connectionist Networks: The Sequential Learning Problem},
  editor    = {Gordon H. Bower},
  series    = {Psychology of Learning and Motivation},
  publisher = {Academic Press},
  volume    = {24},
  pages     = {109-165},
  year      = {1989},
  issn      = {0079-7421},
  doi       = {https://doi.org/10.1016/S0079-7421(08)60536-8},
  url       = {https://www.sciencedirect.com/science/article/pii/S0079742108605368},
  author    = {Michael McCloskey and Neal J. Cohen}
}

@article{mordvintsev2020growing,
  author  = {Mordvintsev, Alexander and Randazzo, Ettore and Niklasson, Eyvind and Levin, Michael},
  title   = {Growing Neural Cellular Automata},
  journal = {Distill},
  year    = {2020},
  note    = {https://distill.pub/2020/growing-ca},
  doi     = {10.23915/distill.00023}
} 

@inproceedings{nichele2014evolutionary,
  title        = {Evolutionary growth of genomes for the development and replication of multicellular organisms with indirect encoding},
  author       = {Nichele, Stefano and Tufte, Gunnar},
  booktitle    = {2014 IEEE International Conference on Evolvable Systems},
  pages        = {141--148},
  year         = {2014},
  organization = {IEEE}
}

@article{nichele2017neat,
  title     = {CA-NEAT: evolved compositional pattern producing networks for cellular automata morphogenesis and replication},
  author    = {Nichele, Stefano and Ose, Mathias Berild and Risi, Sebastian and Tufte, Gunnar},
  journal   = {IEEE Transactions on Cognitive and Developmental Systems},
  volume    = {10},
  number    = {3},
  pages     = {687--700},
  year      = {2017},
  publisher = {IEEE}
}

@article{pai2012transmembrane,
  title     = {Transmembrane voltage potential controls embryonic eye patterning in Xenopus laevis},
  author    = {Pai, Vaibhav P and Aw, Sherry and Shomrat, Tal and Lemire, Joan M and Levin, Michael},
  journal   = {Development},
  volume    = {139},
  number    = {2},
  pages     = {313--323},
  year      = {2012},
  publisher = {Company of Biologists}
}

@article{randazzo2020self-classifying,
  author  = {Randazzo, Ettore and Mordvintsev, Alexander and Niklasson, Eyvind and Levin, Michael and Greydanus, Sam},
  title   = {Self-classifying MNIST Digits},
  journal = {Distill},
  year    = {2020},
  note    = {https://distill.pub/2020/selforg/mnist},
  doi     = {10.23915/distill.00027.002}
}

@article{randazzo2021adversarial,
  author  = {Randazzo, Ettore and Mordvintsev, Alexander and Niklasson, Eyvind and Levin, Michael},
  title   = {Adversarial Reprogramming of Neural Cellular Automata},
  journal = {Distill},
  year    = {2021},
  note    = {https://distill.pub/selforg/2021/adversarial},
  doi     = {10.23915/distill.00027.004}
}

@inproceedings{reynolds1987flocks,
  title     = {Flocks, herds and schools: A distributed behavioral model},
  author    = {Reynolds, Craig W},
  booktitle = {Proceedings of the 14th annual conference on Computer graphics and interactive techniques},
  pages     = {25--34},
  year      = {1987}
}

 @misc{sodha,
  title   = {An implementation of sobel edge detection},
  url     = {https://www.projectrhea.org/rhea/index.php/An_Implementation_of_Sobel_Edge_Detection},
  journal = {Rhea},
  author  = {Sodha, Sean}
} 

@article{stanley2002evolving,
  title     = {Evolving neural networks through augmenting topologies},
  author    = {Stanley, Kenneth O and Miikkulainen, Risto},
  journal   = {Evolutionary computation},
  volume    = {10},
  number    = {2},
  pages     = {99--127},
  year      = {2002},
  publisher = {MIT Press}
}

@misc{turk,
  title   = {The Stanford Bunny},
  url     = {https://faculty.cc.gatech.edu/~turk/bunny/bunny.html},
  journal = {The stanford bunny},
  author  = {Turk, Greg}
}

@article{wolfram1986theory,
  title   = {Theory and applications of cellular automata},
  author  = {Wolfram, Stephen},
  journal = {World Scientific},
  year    = {1986}
}

@book{wolfram2002,
  author    = {Wolfram, Stephen},
  title     = {A New Kind of Science},
  year      = {2002},
  publisher = {Wolfram Media},
  isbn      = {1579550088},
  url       = {https://www.wolframscience.com},
  language  = {English}
}

@article{wulff1992learning,
  title   = {Learning cellular automaton dynamics with neural networks},
  author  = {Wulff, N and Hertz, J A},
  journal = {Advances in Neural Information Processing Systems},
  volume  = {5},
  pages   = {631--638},
  year    = {1992}
}

@article{meyer1989learning,
  title     = {Learning algorithm for modeling complex spatial dynamics},
  author    = {Meyer, Thomas P and Richards, Fred C and Packard, Norman H},
  journal   = {Physical review letters},
  volume    = {63},
  number    = {16},
  pages     = {1735},
  year      = {1989},
  publisher = {APS}
}

@article{richards1990extracting,
  title     = {Extracting cellular automaton rules directly from experimental data},
  author    = {Richards, Fred C and Meyer, Thomas P and Packard, Norman H},
  journal   = {Physica D: Nonlinear Phenomena},
  volume    = {45},
  number    = {1-3},
  pages     = {189--202},
  year      = {1990},
  publisher = {Elsevier}
}
